


@inproceedings{memcached2013,
    title={Scaling Memcache at Facebook},
    author={Nishtala, Rajesh and Fugal, Hans and Grimm, Steven and Kwiatkowski, Marc and Lee, Herman and Li, Harry C and McElroy, Ryan and Paleczny, Mike and Peek, Daniel and Saab, Paul and others},
    booktitle={Proceedings of the 10th USENIX conference on Networked Systems Design and Implementation},
    pages={385--398},
    year={2013},
    organization={USENIX Association}
}

@book{Harp1991,
    title={Replication in the Harp file system},
    author={Liskov, Barbara and Ghemawat, Sanjay and Gruber, Robert and Johnson, Paul and Shrira, Liuba},
    volume={25},
    number={5},
    year={1991},
    publisher={ACM}
}

@inproceedings{frangipani1997,
    title={Frangipani: A scalable distributed file system},
    author={Thekkath, Chandramohan A and Mann, Timothy and Lee, Edward K},
    booktitle={ACM SIGOPS Operating Systems Review},
    volume={31},
    number={5},
    pages={224--237},
    year={1997},
    organization={ACM}
}

@misc{CSE230,
    author = {},
    title = {{Distributed Computing and System}},
    howpublished = "\url{http://cseweb.ucsd.edu/classes/sp13/cse223B-a/lab3.html
}",
    year = {Spring, 2013}, 
}

@misc{TF-IDF,
  author = {},
  title = {{Term Frequency–Inverse Document Frequency (TF-IDF)}},
  howpublished = "\url{http://en.wikipedia.org/wiki/Tf-idf}"
}

@misc{googledriveapi,
    author = {},
    title = {{Google Drive API}},
    howpublished = "\url{https://developers.google.com/drives}",
}

@misc{dropboxapi,
    author = {},
    title = {{Dropbox API}},
    howpublished = "\url{http://www.dropbox.com/developers}",
}

@article{thrift,
    title={Thrift: Scalable cross-language services implementation},
    author={Slee, Mark and Agarwal, Aditya and Kwiatkowski, Marc},
    journal={Facebook White Paper},
    volume={5},
    year={2007}
}

@misc{bootstrap,
    author = {},
    title = {{Twitter Bootstrap - A free collection of tools for creating websites and web applications}},
    howpublished = "\url{http://twitter.github.io/bootstrap/}",
}

@misc{jquery,
    author = {},
    title = {{jQuery - A fast, small, and feature-rich JavaScript library}},
    howpublished = "\url{http://twitter.github.io/bootstrap/}",
}

@article{xtreemfs,
    title={The XtreemFS architecture—a case for object-based file systems in Grids},
    author={Hupfeld, Felix and Cortes, Toni and Kolbeck, Bj{\"o}rn and Stender, Jan and Focht, Erich and Hess, Matthias and Malo, Jesus and Marti, Jonathan and Cesario, Eugenio},
    journal={Concurrency and computation: Practice and experience},
    volume={20},
    number={17},
    pages={2049--2060},
    year={2008},
    publisher={Wiley Online Library}
}

@article{Moselhy2010,
    title={A Markov Chain Based Hierarchical Algorithm for Fabric-Aware Capacitance Extraction},
    author={El-Moselhy, Tarek and Elfadel, Ibrahim M and Daniel, Luca},
    journal={IEEE Trans. Advanced Packaging},
    volume={33},
    number={4},
    pages={818--827},
    year={2010},
}


@article{Olsson2006,
    title={Rational Krylov for eigenvalue computation and model order reduction},
    author={Olsson, K Henrik A and Ruhe, Axel},
    journal={BIT Numerical Mathematics},
    volume={46},
    number={1},
    pages={99--111},
    year={2006},
    publisher={Springer}
}

@article{Starke93,
    title={A hybrid Arnoldi-Faber iterative method for nonsymmetric systems of linear equations},
    author={Starke, Gerhard and Varga, Richard S},
    journal={Numerische Mathematik},
    volume={64},
    number={1},
    pages={213--240},
    year={1993},
    publisher={Springer}
}

@article{Botchev2013,
    title={Residual, restarting and Richardson iteration for the matrix exponential},
    author={Botchev, MIKE A},
    year={2013, to appear},
    publisher={SIAM J. Sci. Comput.}
}


@inproceedings{Zhuang2012,
    title={Fast floating random walk algorithm formulti-dielectric capacitance extraction with numerical characterization of Green's functions},
    author={Zhuang, Hao and Yu, Wenjian and Hu, Gang and Liu, Zhi and Ye, Zuochang},
    booktitle={Design Automation Conference (ASP-DAC), 2012 17th Asia and South Pacific},
    pages={377--382},
    year={2012},
}

@article{Yu2013,
    title={RWCap: A Floating Random Walk Solver for 3-D Capacitance Extraction of Very-Large-Scale Integration Interconnects},
    author={Yu, Wenjian and Zhuang, Hao and Zhang, Chao and Hu, Gang and Liu, Zhi},
    journal={Computer-Aided Design of Integrated Circuits and Systems, IEEE Transactions on},
    volume={32},
    number={3},
    pages={353--366},
    year={2013},
}


@book{Cheng00,
    title={Interconnect analysis and synthesis},
    author={Cheng, Chung Kuan and Lillis, John and Lin, Shen and Chang, Norman},
    year={2000},
    publisher={John Wiley}
}



@inproceedings{SPRIM04,
    title={SPRIM: structure-preserving reduced-order interconnect macromodeling},
    author={Freund, Roland W},
    booktitle={Proc. Intl. Conf. Computer-Aided Design},
    pages={80--87},
    year={2004},
}

@article{PRIMA98,
    title={PRIMA: Passive reduced-order interconnect macromodeling algorithm},
    author={Odabasioglu, Altan and Celik, Mustafa and Pileggi, Lawrence T},
    journal={IEEE Trans. on Computer-Aided Design},
    volume={17},
    number={8},
    pages={645--654},
    year={1998},
}

@article{Saff75,
    title={Geometric convergence to e- z by rational functions with real poles},
    author={Saff, EB and Sch{\"o}nhage, A and Varga, RS},
    journal={Numerische Mathematik},
    volume={25},
    number={3},
    pages={307--322},
    year={1975},
}

@inproceedings{Orec:12,
    title={Approximating the exponential, the lanczos method and an O (m)-time spectral algorithm for balanced separator},
    author={Orecchia, Lorenzo and Sachdeva, Sushant and Vishnoi, Nisheeth K},
    booktitle={Proc. Symposium on Theory of Computing (STOC)},
    pages={1141--1160},
    year={2012},
}



@inproceedings{Chen12_ICCAD,
    title={A fast time-domain EM-TCAD coupled simulation framework via matrix exponential},
    author={Chen, Quan and Schoenmaker, Wim and Weng, Shih-Hung and Cheng, Chung Kuan and Chen, Guan-Hua and Jiang, Li-Jun and Wong, Ngai},
    booktitle={Proc. Intl. Conf. Computer-Aided Design},
    pages={422--428},
    year={2012},
}


@article{Wilk:79,
    title={Kronecker's canonical form and the QZ algorithm},
    author={Wilkinson, James Hardy},
    journal={Linear Algebra and its Applications},
    volume={28},
    pages={285--303},
    year={1979},
    publisher={Elsevier}
}

@article{Lee09,
    title={A linear-time complex-valued eigenvalue solver for full-wave analysis of large-scale on-chip interconnect structures},
    author={Lee, Jongwon and Balakrishnan, Venkataramanan and Koh, Cheng-Kok and Jiao, Dan},
    journal={IEEE Trans. Microwave Theory and Techniques},
    volume={57},
    number={8},
    pages={2021--2029},
    year={2009},
}



@article{Deuf:87,
    title={One-step and extrapolation methods for differential-algebraic systems},
    author={Deuflhard, Peter and Hairer, Ernst and Zugck, J},
    journal={Numerische Mathematik},
    volume={51},
    number={5},
    pages={501--516},
    year={1987},
    publisher={Springer}
}


@article{Beck:09,
    title={Error estimates and evaluation of matrix functions via the Faber transform},
    author={Beckermann, Bernhard and Reichel, Lothar},
    journal={SIAM Journal on Numerical Analysis},
    volume={47},
    number={5},
    pages={3849--3883},
    year={2009},
    publisher={SIAM}
}

@article{Drus:10,
    title={On adaptive choice of shifts in rational Krylov subspace reduction of evolutionary problems},
    author={Druskin, Vladimir and Lieberman, Chad and Zaslavsky, Mikhail},
    journal={SIAM Journal on Scientific Computing},
    volume={32},
    number={5},
    pages={2485--2496},
    year={2010},
    publisher={SIAM}
}

@article{Drus:11,
    title={Adaptive rational Krylov subspaces for large-scale dynamical systems},
    author={Druskin, Vladimir and Simoncini, Valeria},
    journal={Systems \& Control Letters},
    volume={60},
    number={8},
    pages={546--560},
    year={2011},
    publisher={Elsevier}
}


@article{Drus:09,
    title={Solution of large scale evolutionary problems using rational Krylov subspaces with optimized shifts},
    author={Druskin, Vladimir and Knizhnerman, Leonid and Zaslavsky, Mikhail},
    journal={SIAM Journal on Scientific Computing},
    volume={31},
    number={5},
    pages={3760--3780},
    year={2009},
    publisher={SIAM}
}



@book{Bai87,
  title={Templates for the solution of algebraic eigenvalue problems: a practical guide},
  author={Bai, Zhaojun and Demmel, James and Dongarra, Jack and Ruhe, Axel and Van Der Vorst, Henk},
  volume={11},
  year={1987},
  publisher={SIAM}
}


@article{Van06,
  title={Preconditioning Lanczos approximations to the matrix exponential},
  author={van den Eshof, Jasper and Hochbruck, Marlis},
  journal={SIAM Journal on Scientific Computing},
  volume={27},
  number={4},
  pages={1438--1457},
  year={2006},
  publisher={SIAM}
}

@article{Moret04,
  title={RD-rational approximations of the matrix exponential},
  author={Moret, Igor and Novati, Paolo},
  journal={BIT Numerical Mathematics},
  volume={44},
  number={3},
  pages={595--615},
  year={2004},
  publisher={Springer}
}

@article{Nath11,
  title={Accelerating GPU kernels for dense linear algebra},
  author={Nath, R. and Tomov, S. and Dongarra, J.},
  journal={High Performance Computing for Computational Science--VECPAR 2010},
  pages={83--92},
  year={2011},
}

@article{Catalyurek99,
  title={Hypergraph-partitioning-based decomposition for parallel sparse-matrix vector multiplication},
  author={Catalyurek, U.V. and Aykanat, C.},
  journal={Parallel and Distributed Systems, IEEE Transactions on},
  volume={10},
  number={7},
  pages={673--693},
  year={1999},
}

@inproceedings{Zhuo05,
  title={Sparse matrix-vector multiplication on FPGAs},
  author={Zhuo, L. and Prasanna, V.K.},
  booktitle={Proc. Intl. Syms. Field-Programmable Gate Arrays},
  pages={63--74},
  year={2005},
}

@article{Beylkin98,
     title = {A New Class of Time Discretization Schemes for the Solution of Nonlinear {PDE}s},
     author = {G.~Beylkin and J. M. Keiser and Lev Vozovoi},
     journal = {J. Comput. Phys.},
     volume = {147},
     issue = {2},
     pages = {362--387},
     month = {Dec},
     year = {1998},},
}

@ARTICLE{Eier:06,
    author = {Michael Eiermann and Oliver G. Ernst},
    title = {A restarted {K}rylov subspace method for the evaluation of matrix functions},
    journal = {SIAM J. NUMER. ANAL},
    year = {2006},
    volume = {44},
    pages = {2481--2504}
}

@article{Afa:07,
title = "Implementation of a restarted {K}rylov subspace method for the evaluation of matrix functions",
journal = "Linear Algebra and its Applications",
volume = "429",
number = "10",
pages = "2293 - 2314",
year = "2008",
author = "Martin Afanasjew and Michael Eiermann and Oliver G. Ernst and Stefan Guttel",
}

@inproceedings{Nassif00_Fast,
    title={Fast power grid simulation},
    author={Nassif, Sani R and Kozhaya, Joseph N},
    booktitle={Proc. Design Automation Conference},
    pages={156--161},
    year={2000},
}

@inproceedings{Mandrekar05,
  title={Causality enforcement in transient simulation of passive networks through delay extraction},
  author={Mandrekar, Rohan and Swaminathan, Madhavan},
  booktitle={Signal Propagation on Interconnects, 2005. Proceedings. 9th IEEE Workshop on},
  pages={25--28},
  year={2005},
}

@article{Qian05,
  title={Power grid analysis using random walks},
  author={Qian, Haifeng and Nassif, Sani R and Sapatnekar, Sachin S},
  journal={IEEE Trans. Computer-Aided Design},
  volume={24},
  number={8},
  pages={1204--1224},
  year={2005},
}

@inproceedings{Feng08,
  title={Multigrid on GPU: tackling power grid analysis on parallel SIMT platforms},
  author={Feng, Zhuo and Li, Peng},
  booktitle={Proc. Intl. Conf. Computer-Aided Design},
  pages={647--654},
  year={2008},
}

@inproceedings{Su03,
  title={Power grid reduction based on algebraic multigrid principles},
  author={Su, Haihua and Acar, Emrah and Nassif, Sani R},
  booktitle={Proc. Design Automation Conference},
  pages={109--112},
  year={2003},
}

@article{Kozhaya02,
  title={A multigrid-like technique for power grid analysis},
  author={Kozhaya, Joseph N and Nassif, Sani R and Najm, Farid N},
  journal={IEEE Trans. Computer-Aided Design},
  volume={21},
  number={10},
  pages={1148--1160},
  year={2002},
}

@inproceedings{Xiong12,
  title={Parallel forward and back substitution for efficient power grid simulation},
  author={Xiong, Xuanxing and Wang, Jia},
  booktitle={Proc. Intl. Conf. Computer-Aided Design},
  pages={660--663},
  year={2012},
}

@inproceedings{Yu12,
  title={PGT\_SOLVER: an efficient solver for power grid transient analysis},
  author={Yu, Ting and Wong, Martin and others},
  booktitle={Proc. Intl. Conf. Computer-Aided Design},
  pages={647--652},
  year={2012},
}

@article{Zhao02,
  title={Hierarchical analysis of power distribution networks},
  author={Zhao, Min and Panda, Rajendran V and Sapatnekar, Sachin S and Blaauw, David},
  journal={IEEE Trans. Computer-Aided Design},
  volume={21},
  number={2},
  pages={159--168},
  year={2002},
}

@inproceedings{Yang12,
  title={PowerRush: Efficient transient simulation for power grid analysis},
  author={Yang, Jianlei and Li, Zuowei and Cai, Yici and Zhou, Qiang},
  booktitle={Proc. Intl. Conf. Computer-Aided Design},
  pages={653--659},
  year={2012},
}

@inproceedings{Chen01_Efficient,
  title={Efficient large-scale power grid analysis based on preconditioned krylov-subspace iterative methods},
  author={Chen, Tsung-Hao and Chen, Charlie Chung-Ping},
  booktitle={Proc. Design Automation Conference},
  pages={559--562},
  year={2001},
}

@article{Beat:05,
 author = {Beattie, Christopher A. and Embree, Mark and Sorensen, D. C.},
 title = {Convergence of Polynomial Restart Krylov Methods for Eigenvalue Computations},
 journal = {SIAM Rev.},
 volume = {47},
 issue = {3},
 month = {March},
 year = {2005},
 pages = {492--515},
}

@article{Cox02,
 author = {Cox, S. M. and Matthews, P. C.},
 title = {Exponential time differencing for stiff systems},
 journal = {J. Comput. Phys.},
 volume = {176},
 issue = {2},
 month = {March},
 year = {2002},
 pages = {430--455},
}

@article{Nie06,
  title={Efficient semi-implicit schemes for stiff systems},
  author={Nie, Q. and Zhang, Y.T. and Zhao, R.},
  journal={Journal of Computational Physics},
  volume={214},
  number={2},
  pages={521--537},
  year={2006},
  publisher={Elsevier}
}

@article{Niesen11,
  title={A {K}rylov subspace algorithm for evaluating the $\varphi$-functions appearing in exponential integrators},
  author={J.~Niesen and W. M. Wright},
  journal={ACM Trans. Math. Software},
  note={in press}
}

@article{Almohy11,
  title={Computing the Action of the Matrix Exponential, with an Application to Exponential Integrators},
  author={A. H. Al-Mohy and N. J. Higham},
  journal={SIAM Journal on Scientific Computing},
  volume={33},
  number={2},
  pages={ 488-511},
  year={2011},
  publisher={JSTOR}
}


@article{Chen12_TCAD,
author={Chen, Quan and Weng, Shih-Hung and Cheng, Chung Kuan},
title={A Practical Regularization Technique for Modified Nodal Analysis in Large-Scale Time-Domain Circuit Simulation},
journal={IEEE Trans. on Computer-Aided Design},
volume={31},
number={7},
pages={1031--1040},
year={2012}
}

@article{Li11,
  title={Parallel Circuit Simulation: A Historical Perspective and Recent Developments},
  author={Li, Peng},
  journal={Foundations and Trends in Electronic Design Automation},
  volume={5},
  number={4},
  pages={211--318},
  year={2001}
}



@article{Lelarasmee82,
  title={{The waveform relaxation method for time-domain analysis of large scale integrated circuits}},
  author={Lelarasmee, E. and Ruehli, A.E. and Sangiovanni-Vincentelli, A.L.},
  journal={IEEE Trans. on CAD},
  volume={1},
  number={3},
  pages={131--145},
  year={1982},
}

@book{Nagel75,
  title={{SPICE2: A computer program to simulate semiconductor circuits}},
  author={Nagel, L.},
  year={1975},
  publisher={May}
}

@book{Hairer96,
  title={Solving Ordinary Differential Equations II: Stiff and Differential-Algebraic Problems},
  author={Hairer, Ernst and Wanner, Gerhard},
  year={1996},
  publisher={Springer}
}
  
@article{Higham05,
  title={{The scaling and squaring method for the matrix exponential revisited}},
 author={Higham, N.J.},
 journal={SIAM Journal on Matrix Analysis and Applications},
  volume={26},
  number={4},
  pages={1179--1196},
  year={2005},
  publisher={Citeseer}
}

@article{Moler03,
 title={{Nineteen dubious ways to compute the exponential of a matrix, twenty-five years later}},
 author={Moler, C. and Van Loan, C.},
 journal={SIAM review},
 volume={45},
 number={1},
 pages={3--49},
 year={2003},
 publisher={JSTOR}
}
@article{Hochbruck97,
  title={{On Krylov subspace approximations to the matrix exponential operator}},
  author={Hochbruck, M. and Lubich, C.},
  journal={SIAM Journal on Numerical Analysis},
  volume={34},
  number={5},
  pages={1911--1925},
  year={1997},
  publisher={JSTOR}
}

@article{Saad92,
  title={{Analysis of some Krylov subspace approximations to the matrix exponential operator}},
  author={Saad, Y.},
  journal={SIAM Journal on Numerical Analysis},
  year={1992},
 publisher={JSTOR}
}

@article{Ho75,
 title={{The modified nodal approach to network analysis}},
 author={Ho, C.W. and Ruehli, A. and Brennan, P.},
 journal={IEEE Trans. on CAS},
 volume={22},
 number={6},
 pages={504--509},
 year={1975},
}

@conference{Peng09,
 title={{Parallel transistor level full-chip circuit simulation}},
 author={Peng, H. and Cheng, Chung Kuan},
 booktitle={DATE},
 pages={304--307},
 year={2009},
}


@inproceedings{Ye08,
    author = {Ye, Xiaoji and Dong, Wei and Li, Peng and Nassif, Sani},
    title = {MAPS: Multi-Algorithm Parallel Circuit Simulation},
    booktitle = {ICCAD},
    year = {2008},
    pages = {73--78},
}

@inproceedings{Dong09,
author = {Dong, Wei and Li, Peng},
title = {Parallelizable Stable Explicit Numerical Integration for Efficient Circuit Simulation},
booktitle = {Proc. Design Automation Conference},
year = {2009}
}

@inproceedings{Dong08,
author = {Dong, Wei and Li, Peng and Ye, Xiaoji},
title = {WavePipe: Parallel Transient Simulation of Analog and Digital Circuits on Multi-Core Shared-Memory Machines},
booktitle = {Proc. Design Automation Conference},
year = {2008},
pages = {238--243},
}

@book{Leon75,
    author = {Chua, Leon O. and Lin, Pen-Min},
    title = {Computer Aided Analysis of Electric Circuits: Algorithms and Computational Techniques},
    year = {1975},
    publisher = {Prentice-Hall},
}

@book{ Saad03,
    author = {Saad, Yousef},
    title = {Iteravite Methods for Sparse Linear Systems},
    year = {2003},
    publisher = {SIAM},
}

@book{ Davis06,
    author = {Davis, Timothy A.},
    title = {Direct Method for Sparse Linear Systems},
    year = {2006},
    publisher = {SIAM},
}

@article{ Schutt01,
    author = {Schutt-Ain\'{e}, Jos\'{e} E.},
    title = {Latency Insertion Method (LIM) for the Fst Transient Simulation of Large Networks},
    journal = {IEEE Trans. on CAS I},
    volume = {48},
    number = {1},
    pages = {81--89},
    month = {Jan},
    year = {2001},
}

@inproceedings{Sekine09,
    author = {Sekine, Tadatoshi and Asai, Hideki},
    title = {Generalized Leapfrog Scheme for Large-Scale Circuit Simulation},
    booktitle = {Conf. Electrical Performance of Electronic Packaging and System},
    year = {2009},
    pages = {81--84},
}

@article{Baskaran09,
  title={Optimizing sparse matrix-vector multiplication on GPUs},
  author={Baskaran, M.M. and Bordawekar, R.},
  journal={IBM research report RC24704, IBM},
  year={2009}
}

@inproceedings{Bell09,
  title={Implementing sparse matrix-vector multiplication on throughput-oriented processors},
  author={Bell, N. and Garland, M.},
  booktitle={SC},
  pages={18},
  year={2009},
}

@inproceedings{Weng11_ASICON,
  title={Circuit simulation using matrix exponential method},
  author={Weng, Shih-Hung and Chen, Quan and Cheng, Chung Kuan},
  booktitle={Intl. Conf. ASIC},
  pages={369--372},
  year={2011},
}


@inproceedings{Weng12_ICCAD,
  title={Circuit simulation via matrix exponential method for stiffness handling and parallel processing},
  author={Weng, Shih-Hung and Chen, Quan and Wong, Ngai and Cheng, Chung Kuan},
  booktitle={Proc. Intl. Computer-Aided Design},
  pages={407--414},
  year={2012},
}

@inproceedings{Nassif08_Power,
  title={Power grid analysis benchmarks},
  author={Nassif, Sani R},
  booktitle={Proc. Asia and South Pacific Design Automation Conference},
  pages={376--381},
  year={2008},
}


@article{Weng12_TCAD,
  title={Time-Domain Analysis of Large-Scale Circuits by Matrix Exponential Method With Adaptive Control},
  author={Weng, Shih-Hung and Chen, Quan and Cheng, Chung Kuan}, 
  journal={IEEE Trans. Computer-Aided Design},
  volume={31},
  number={8},
  pages={1180--1193},
  year={2012},
}

@article{Ferzli10,
  title={Verification and codesign of the package and die power delivery system using wavelets},
  author={Ferzli, Imad A and Chiprout, Eli and Najm, Farid N},
  journal={IEEE Trans. Computer-Aided Design},
  volume={29},
  number={1},
  pages={92--102},
  year={2010},
}

@inproceedings{Wang05_Vector,
  title={A vector-based approach for power supply noise analysis in test compaction},
  author={Wang, Jing and Yue, Ziding and Lu, Xiang and Qiu, Wangqi and Shi, Weiping and Walker, DMH},
  booktitle={Proc. Intl. Test Conference},
  pages={10--pp},
  year={2005},
}

@inproceedings{Bodapati02,
  title={High-level current macro-model for power-grid analysis},
  author={Bodapati, Srinivas and Najm, Farid N},
  booktitle={Proc. Design Automation Conference},
  pages={385--390},
  year={2002},
}

@inproceedings{Du10,
  title={Worst-case noise prediction with non-zero current transition times for early power distribution system verification},
  author={Du, Peng and Hu, Xiang and Weng, Shih-Hung and Shayan, Amirali and Chen, Xiaoming and Ege Engin, A and Cheng, Chung Kuan},
  booktitle={Intl. Symposium on Quality Electronic Design},
  pages={624--631},
  year={2010},
}

@article{Tian96,
  title={Novel methods for circuit worst-case tolerance analysis},
  author={Tian, Wei and Ling, Xie-Ting and Liu, Ruey-Wen},
  journal={IEEE Trans. on Circuits and Systems I: Fundamental Theory and Applications},
  volume={43},
  number={4},
  pages={272--278},
  year={1996},
}

@inproceedings{Shi08,
  title={Efficient and accurate eye diagram prediction for high speed signaling},
  author={Shi, Rui and Yu, Wenjian and Zhu, Yi and Cheng, Chung Kuan and Kuh, Ernest S},
  booktitle={Proc. Intl. Conf. Computer-Aided Design},
  pages={655--661},
  year={2008},
}

@article{Analui05,
  title={Data-dependent jitter in serial communications},
  author={Analui, Behnam and Buckwalter, James F and Hajimiri, Ali},
  journal={IEEE Trans. on Microwave Theory and Techniques},
  volume={53},
  number={11},
  pages={3388--3397},
  year={2005},
}
